@MISC{lwn:namespace:pid,
        author = {Michael Kerrisk},
        title = {{Namespaces in operation, part 3: PID namespaces}},
        howpublished = "\url{https://lwn.net/Articles/531419/}",
        year = {2013}, 
        note = "[Online; accessed 6-Oct-2015]"
}

@MISC{lwn:namespace:overview,
        author = {Michael Kerrisk},
        title = {{Namespaces in operation, part 1: namespaces overview}},
        howpublished = "\url{https://lwn.net/Articles/531114/}",
        year = {2013}, 
        note = "[Online; accessed 6-Oct-2015]"
}

@MISC{lwn:namespace:user,
        author = {Michael Kerrisk},
        title = {{Namespaces in operation, part 5: User namespaces}},
        howpublished = "\url{https://lwn.net/Articles/532593/}",
        year = {2013}, 
        note = "[Online; accessed 6-Oct-2015]"
}

@MISC{lwn:namespace:net,
        author = {Jake Edge},
        title = {{Namespaces in operation, part 7: Network namespaces}},
        howpublished = "\url{https://lwn.net/Articles/580893/}",
        year = {2013}, 
        note = "[Online; accessed 6-Oct-2015]"
}

@MISC{mininet,
        howpublished = {\url{http://mininet.org/}},
        title = {Mininet: {A}n instant virtual network on your laptop (or other {PC})},
        note = "[Last accessed 6-Oct-2015]"
}

@INPROCEEDINGS{yan:vtmininet:sosr15,
        author = {Yan, Jiaqi and Jin, Dong},
        title = {VT-Mininet: Virtual-time-enabled Mininet for Scalable and Accurate Software-Define Network Emulation},
        booktitle = {Proceedings of the 1st ACM SIGCOMM Symposium on Software Defined Networking Research},
        series = {SOSR '15},
        year = {2015},
        isbn = {978-1-4503-3451-8},
        location = {Santa Clara, California},
        pages = {27:1--27:7},
        articleno = {27},
        numpages = {7},
        url = {http://doi.acm.org/10.1145/2774993.2775012},
        doi = {10.1145/2774993.2775012},
        acmid = {2775012},
        publisher = {ACM},
        address = {New York, NY, USA},
        keywords = {Mininet, Network Emulation, SDN, Virtual Time}
} 

@INPROCEEDINGS{yan:vts:pads15,
        author = {Yan, Jiaqi and Jin, Dong},
        title = {A Virtual Time System for Linux-container-based Emulation of Software-defined Networks},
        booktitle = {Proceedings of the 3rd ACM SIGSIM Conference on Principles of Advanced Discrete Simulation},
        series = {SIGSIM PADS '15},
        year = {2015},
        isbn = {978-1-4503-3583-6},
        location = {London, United Kingdom},
        pages = {235--246},
        numpages = {12},
        url = {http://doi.acm.org/10.1145/2769458.2769480},
        doi = {10.1145/2769458.2769480},
        acmid = {2769480},
        publisher = {ACM},
        address = {New York, NY, USA},
        keywords = {linux container, time dilation, virtual time}
} 





